@article{LabelPerLaCitazione,
author = {Nome Cognome},
year = {2022},
month = {04},
pages = {69},
title = {Il gabbiano e altri incredibili racconti impegnati ma non troppo},
volume = {1},
journal = {Il mio giornale},
doi = {}
}